<record><leader>00000cas a22000007a 4500</leader><controlfield tag="001">16767499</controlfield><controlfield tag="008">870928d19031910sdudn ne      0    0eng d</controlfield><datafield ind1=" " ind2=" " tag="010"><subfield code="a">sn 87082842 </subfield></datafield><datafield ind1=" " ind2=" " tag="040"><subfield code="a">NPV</subfield><subfield code="b">eng</subfield><subfield code="c">NPV</subfield><subfield code="d">SXN</subfield><subfield code="d">OCLCQ</subfield><subfield code="d">OCLCF</subfield><subfield code="d">OCLCO</subfield></datafield><datafield ind1="1" ind2=" " tag="029"><subfield code="a">AU@</subfield><subfield code="b">000025819443</subfield></datafield><datafield ind1=" " ind2=" " tag="042"><subfield code="a">msc</subfield></datafield><datafield ind1=" " ind2=" " tag="043"><subfield code="a">n-us-sd</subfield></datafield><datafield ind1="0" ind2=" " tag="130"><subfield code="a">Pierre daily Dakotan (Pierre, S.D. : 1903)</subfield></datafield><datafield ind1="1" ind2="0" tag="245"><subfield code="a">Pierre daily Dakotan.</subfield></datafield><datafield ind1=" " ind2=" " tag="260"><subfield code="a">Pierre, S.D. :</subfield><subfield code="b">Charles B. Billinghurst,</subfield><subfield code="c">1903-1910.</subfield></datafield><datafield ind1=" " ind2=" " tag="300"><subfield code="a">v.</subfield></datafield><datafield ind1=" " ind2=" " tag="310"><subfield code="a">Daily (except Sun.)</subfield></datafield><datafield ind1="0" ind2=" " tag="362"><subfield code="a">Vol. 1, no. 1 (Nov. 28, 1903)-v. 7, no. 179 (June 25, 1910).</subfield></datafield><datafield ind1=" " ind2=" " tag="500"><subfield code="a">"The newspaper of the Pierre port of the Missouri River, the Artestian Well Belt, the Natural Gas City and the State Capital."</subfield></datafield><datafield ind1=" " ind2=" " tag="530"><subfield code="a">Available on microfilm from: State Archives, South Dakota State Historical Society.</subfield></datafield><datafield ind1=" " ind2="0" tag="651"><subfield code="a">Pierre (S.D.)</subfield><subfield code="v">Newspapers.</subfield></datafield><datafield ind1=" " ind2="0" tag="651"><subfield code="a">Hughes County (S.D.)</subfield><subfield code="v">Newspapers.</subfield></datafield><datafield ind1=" " ind2="7" tag="655"><subfield code="a">Newspapers.</subfield><subfield code="2">fast</subfield><subfield code="0">(OCoLC)fst01423814</subfield></datafield><datafield ind1=" " ind2="7" tag="651"><subfield code="a">South Dakota</subfield><subfield code="z">Hughes County.</subfield><subfield code="2">fast</subfield><subfield code="0">(OCoLC)fst01207647</subfield></datafield><datafield ind1=" " ind2="7" tag="651"><subfield code="a">South Dakota</subfield><subfield code="z">Pierre.</subfield><subfield code="2">fast</subfield><subfield code="0">(OCoLC)fst01209256</subfield></datafield><datafield ind1=" " ind2=" " tag="752"><subfield code="a">United States</subfield><subfield code="b">South Dakota</subfield><subfield code="c">Hughes</subfield><subfield code="d">Pierre.</subfield></datafield><datafield ind1="0" ind2="0" tag="785"><subfield code="t">Daily Dakotan</subfield><subfield code="w">(DLC)sn 83025461</subfield></datafield></record>